<?xml version="1.0" encoding="UTF-8"?><record xmlns="http://www.loc.gov/MARC21/slim" xmlns:cinclude="http://apache.org/cocoon/include/1.0" xmlns:zs="http://www.loc.gov/zing/srw/">
  <leader>00524nz  a2200145n  4500</leader>
  <controlfield tag="001">no2004071314</controlfield>
  <controlfield tag="003">DLC</controlfield>
  <controlfield tag="005">20040728051857.0</controlfield>
  <controlfield tag="008">040727n| acannaab           |n aaa     c</controlfield>
  <datafield tag="010" ind1=" " ind2=" ">
    <subfield code="a">no2004071314</subfield>
  </datafield>
  <datafield tag="035" ind1=" " ind2=" ">
    <subfield code="a">(OCoLC)oca06402910</subfield>
  </datafield>
  <datafield tag="040" ind1=" " ind2=" ">
    <subfield code="a">NjP</subfield>
    <subfield code="b">eng</subfield>
    <subfield code="c">NjP</subfield>
  </datafield>
  <datafield tag="100" ind1="1" ind2=" ">
    <subfield code="a">Helm, Jeremiah Sutter,</subfield>
    <subfield code="d">1976-</subfield>
  </datafield>
  <datafield tag="670" ind1=" " ind2=" ">
    <subfield code="a">Inhibition of late stage enzymes involved in peptidoglycan biosynthesis, 2004:</subfield>
    <subfield code="b">t.p. (Jeremiah Sutter Helm)</subfield>
  </datafield>
  <datafield tag="670" ind1=" " ind2=" ">
    <subfield code="a">Info. from Princeton University Archives, June 11, 2004</subfield>
    <subfield code="b">(Helm, Jeremiah S., b. Oct. 16, 1976)</subfield>
  </datafield>
</record>